@article{ramchurn2012putting,
  title={Putting the'smarts' into the smart grid: a grand challenge for artificial intelligence},
  author={Ramchurn, Sarvapali D and Vytelingum, Perukrishnen and Rogers, Alex and Jennings, Nicholas R},
  journal={Communications of the ACM},
  volume={55},
  number={4},
  pages={86--97},
  year={2012},
  publisher={ACM}
}

@misc{doe,
  title = {{US} Department of Energy},
  howpublished = {\url{http://energy.gov/oe/services/technology-development/smart-grid}},
  note = {Accessed: 2016-02-29}
}

@article{mcdaniel2009security,
  title={Security and privacy challenges in the smart grid},
  author={McDaniel, Patrick and McLaughlin, Stephen},
  journal={IEEE Security \& Privacy},
  number={3},
  pages={75--77},
  year={2009},
  publisher={IEEE}
}